<?xml version="1.0" encoding="UTF-8"?><collection xmlns="http://www.loc.gov/MARC21/slim"><record><leader>00576nam--2200193-i-4500</leader><controlfield tag="001">000027137</controlfield><controlfield tag="002">20161230</controlfield><controlfield tag="005">20161230201036</controlfield><controlfield tag="008">060222s1000------------r-----000-0-rum-d</controlfield><datafield ind1=" " ind2=" " tag="040"><subfield code="a">IFIN-HH</subfield></datafield><datafield ind1=" " ind2=" " tag="041"><subfield code="a">rum</subfield></datafield><datafield ind1="1" ind2=" " tag="100"><subfield code="a">Kocin, N.E., Kibel, I.A</subfield></datafield><datafield ind1="1" ind2="0" tag="245"><subfield code="a">Hidromecanica teoretica</subfield><subfield code="b">Traducere din limba rusa</subfield><subfield code="c">N.E. Kocin, I.A. Kibel, N.V. Rose</subfield></datafield><datafield ind1=" " ind2=" " tag="260"><subfield code="a">Bucuresti, Editura Tehnica, 1951,</subfield></datafield><datafield ind1=" " ind2=" " tag="300"><subfield code="a">501P</subfield></datafield><datafield ind1=" " ind2=" " tag="490"><subfield code="a">Ministerul Energiei Electrice Si Industriei Electrotehnice</subfield></datafield><datafield ind1="1" ind2=" " tag="700"><subfield code="a">Rose, Nicholas V</subfield></datafield><datafield ind1=" " ind2=" " tag="852"><subfield code="a">982</subfield><subfield code="c">532</subfield></datafield><datafield ind1=" " ind2=" " tag="CAT"><subfield code="a">Sys</subfield><subfield code="c">20100712</subfield><subfield code="h">100310</subfield></datafield></record></collection>